<?xml version="1.0" encoding="UTF-8"?><collection xmlns="http://www.loc.gov/MARC21/slim"><record><leader>00617nam--2200205-i-4500</leader><controlfield tag="001">000046896</controlfield><controlfield tag="002">20161230</controlfield><controlfield tag="005">20161230201046</controlfield><controlfield tag="008">060222s1000------------r-----000-0-rus-d</controlfield><datafield ind1=" " ind2=" " tag="040"><subfield code="a">IFIN-HH</subfield></datafield><datafield ind1=" " ind2=" " tag="041"><subfield code="a">rus</subfield></datafield><datafield ind1=" " ind2=" " tag="080"><subfield code="a">537.6</subfield></datafield><datafield ind1="1" ind2=" " tag="100"><subfield code="a">Vonsovski, S. V</subfield></datafield><datafield ind1="1" ind2="0" tag="245"><subfield code="a">Teoria moderna a magnetismului</subfield><subfield code="b">Traducere din limba rusa</subfield><subfield code="c">S.v. vonsovski</subfield></datafield><datafield ind1=" " ind2=" " tag="260"><subfield code="a">Bucuresti</subfield><subfield code="b">Editura Tehnica</subfield><subfield code="c">1956</subfield></datafield><datafield ind1=" " ind2=" " tag="300"><subfield code="a">404P</subfield></datafield><datafield ind1=" " ind2=" " tag="490"><subfield code="a">Biblioteca Tehnico-stiintifica. Seria B. Fizica</subfield></datafield><datafield ind1=" " ind2=" " tag="500"><subfield code="a">Titlul Original In Limba Rusa: Sovremennoe Ucenie O Magnerizme</subfield></datafield><datafield ind1=" " ind2=" " tag="852"><subfield code="a">4221</subfield><subfield code="c">537:538</subfield></datafield><datafield ind1=" " ind2=" " tag="CAT"><subfield code="a">Sys</subfield><subfield code="c">20110607</subfield><subfield code="h">150930</subfield></datafield></record></collection>